<?xml version="1.0" encoding="UTF-8"?><collection xmlns="http://www.loc.gov/MARC21/slim"><record><leader>00607nam--2200205-i-4500</leader><controlfield tag="001">000009601</controlfield><controlfield tag="002">20161230</controlfield><controlfield tag="005">20161230201028</controlfield><controlfield tag="008">060222s1000------------r-----000-0-rum-d</controlfield><datafield ind1=" " ind2=" " tag="040"><subfield code="a">IFIN-HH</subfield></datafield><datafield ind1=" " ind2=" " tag="041"><subfield code="a">rum</subfield></datafield><datafield ind1=" " ind2=" " tag="080"><subfield code="a">621.01.001</subfield></datafield><datafield ind1="1" ind2=" " tag="100"><subfield code="a">Bucsa, Ioan</subfield></datafield><datafield ind1="1" ind2="0" tag="245"><subfield code="a">Indrumatorul tehnicianului proiectant de masini si utilaje, cu prefata de ing.a.bozgan</subfield><subfield code="c">Ioan bucsa, nicolae cristofor</subfield></datafield><datafield ind1=" " ind2=" " tag="250"><subfield code="a">Editia A Ii-a, Revizuita Si Completata</subfield></datafield><datafield ind1=" " ind2=" " tag="260"><subfield code="a">Bucuresti</subfield><subfield code="b">Editura Tehnica</subfield><subfield code="c">1971</subfield></datafield><datafield ind1=" " ind2=" " tag="300"><subfield code="a">564 P</subfield></datafield><datafield ind1="1" ind2=" " tag="700"><subfield code="a">Cristofor, Nicolae</subfield></datafield><datafield ind1=" " ind2=" " tag="852"><subfield code="a">34484</subfield><subfield code="c">62</subfield></datafield><datafield ind1=" " ind2=" " tag="CAT"><subfield code="a">Sys</subfield><subfield code="c">20120611</subfield><subfield code="h">141455</subfield></datafield></record></collection>